@book{NRC,
  title={Plasma Science:From Fundamental Research to Technological Applications},
  author={Plasma Science Committee, National Research Council, Panel on Opportunities in Plasma Science and Technology},
  isbn={9780309073820},
  url={http://www.nap.edu/openbook.php?record_id=4936},
  year={1995},
  publisher={The National Academies Press}
}
@book{Rax,
  title={Physique des plasmas: Cours et applications},
  author={Rax, J.M. and Bigot, B.},
  isbn={9782100072507},
  series={Sciences SUP. Physique. Cours et applications},
  url={http://books.google.fr/books?id=EwcLGwAACAAJ},
  year={2005},
  publisher={Dunod}
}
@article{Sarazin,
author = {Y. Sarazin and Ph. Ghendrih},
title = {Intermittent particle transport in two-dimensional edge turbulence},
publisher = {AIP},
year = {1998},
journal = {Physics of Plasmas},
volume = {5},
number = {12},
pages = {4214-4228},
url = {http://link.aip.org/link/?PHP/5/4214/1},
doi = {10.1063/1.873157}
}
@article{Hemsworth,
author = {R. S. Hemsworth and A. Tanga and V. Antoni},
title = {Status of the ITER neutral beam injection system (invited)},
publisher = {AIP},
year = {2008},
journal = {Review of Scientific Instruments},
volume = {79},
number = {2},
eid = {02C109},
numpages = {5},
pages = {02C109},
url = {http://link.aip.org/link/?RSI/79/02C109/1},
doi = {10.1063/1.2814248}
}
@article{Zweben,
  author={S J Zweben and J A Boedo and O Grulke and C Hidalgo and B LaBombard and R J Maqueda and P Scarin and J L Terry},
  title={Edge turbulence measurements in toroidal fusion devices},
  journal={Plasma Physics and Controlled Fusion},
  volume={49},
  number={7},
  pages={S1},
  url={http://stacks.iop.org/0741-3335/49/i=7/a=S01},
  year={2007}
}
@article{Kolev,
  author={St Kolev and G J M Hagelaar and G Fubiani and J-P Boeuf},
  title={Physics of a magnetic barrier in low-temperature bounded plasmas: insight from particle-in-cell simulations},
  journal={Plasma Sources Science and Technology},
  volume={21},
  number={2},
  pages={025002},
  year={2012}
  }
 @article{Simonin,
  author={A. Simonin and L. Christin and H.P.L. De-Esch and R. Futtersack and P. Garibaldi and F. Villecroze},
  title={Mirror-like plasma confinement for a uniform large negative ion source},
  journal={Nuclear Fusion},
  volume={52},
  number={6},
  pages={063003},
  year={2012}
  }
@article{Riemann,
  author={K -U Riemann},
  title={The Bohm criterion and sheath formation},
  journal={Journal of Physics D: Applied Physics},
  volume={24},
  number={4},
  pages={493},
  year={1991}
  }
@article{Simon54,
  title = {Ambipolar Diffusion in a Magnetic Field},
  author = {Simon, Albert},
  journal = {Phys. Rev.},
  volume = {98},
  issue = {2},
  pages = {317--318},
  numpages = {0},
  year = {1955},
  month = {Apr},
  publisher = {American Physical Society},
  doi = {10.1103/PhysRev.98.317},
 }
@article{Simon63,
   author = {Simon, Albert},
   title = {Instability of a Partially Ionized Plasma in Crossed Electric and Magnetic Fields},
   journal = {Physics of Fluids (1958-1988)},
   year = {1963},
   volume = {6},
   number = {3}, 
   pages = {382-388} 
}
@Manual{SimoninHDR,
  author =      {Simonin, A.},
  title =      {Vers une nouvelle génération d'injecteurs de neutre pour les futurs réacteurs de fusion},
  year =      2013,
  note =     {Habilitation à diriger des recherches, 
  Institut de Recherche sur la Fusion par confinement 
  Magnétique (IRFM) CEA Cadarache, France}
}
@article{Stangeby,
author = {P. C. Stangeby and A. V. Chankin},
title = {The ion velocity (Bohm--Chodura) boundary condition at the entrance to the magnetic presheath in the presence of diamagnetic and [bold E x B] drifts in the scrape-off layer},
publisher = {AIP},
year = {1995},
journal = {Physics of Plasmas},
volume = {2},
number = {3},
pages = {707-715},
url = {http://link.aip.org/link/?PHP/2/707/1},
doi = {10.1063/1.871421}
}
@book{Golant,
  title={Fundamentals of Plasma Physics},
  author={Golant, V.E. and \vZilinski, A.P. and Sakharov, I.E.},
  isbn={9780471045939},
  lccn={lc79019650},
  series={Wiley Series in Plasma Physics},
  url={http://books.google.fr/books?id=bx9RAAAAMAAJ},
  year={1980},
  publisher={John Wiley}
}
@book{Rozhansky,
  title={Transport Phenomena in Partially Ionized Plasma},
  author={Rozhansky, V.A. and Tsendin, L.D.},
  isbn={9780415271875},
  url={http://books.google.fr/books?id=u1ZHpGsxhLwC},
  year={2001},
  publisher={Taylor \& Francis}
}

